
@incollection{@940-SHUMWAY1999,
keywords          = {,INGENIEROS,01-sample,CHARLAUBA,CHARLAROME,CHARLAMATE},
author            = {Shumway, Nicolás},
title             = {Nosotros y el \enquote{nosotros} de Nosotros},
bookTitle         = {La cultura de un siglo. América latina en sus revistas},
date              = {1999},
location          = {Buenos Aires},
publisher         = {Alianza},
page              = {165-180},
hyphenation       = {spanish},
}
@book{@3070-TARKOVSKI1995,
keywords          = {,PIEDRAS1,CHARLAMATE},
author            = {Tarkovski, Andréi},
title             = {Scolpire il tempo},
date              = {1995},
location          = {Milán},
publisher         = {Ubulibri},
hyphenation       = {italian},
}

@Comment{gbTeXpublisher: databaseType:biblatex; fecha de creación: 13/05/2024;}
