
@book{@937-RIBOT1924,
keywords          = {,INGENIEROS,01-sample},
author            = {Terán, Oscar},
title             = {José Ingenieros, pensar la Nación},
date              = {1986},
location          = {Buenos Aires},
publisher         = {Alianza},
hyphenation       = {spanish},
}
@book{@937-RIBOT1924,
keywords          = {,INGENIEROS,01-sample},
author            = {Ribot, Théodule},
translator        = {Ricardo Rubio},
title             = {La Psicología de los sentimientos},
date              = {1924},
location          = {Madrid},
publisher         = {Daniel Jorro},
hyphenation       = {spanish},
}
@book{@939-SMOLENSKY2013,
keywords          = {,INGENIEROS,01-sample},
author            = {Smolensky, Eleonora María},
title             = {Colonizadores colonizados. Los italianos porteños},
date              = {2013},
location          = {Buenos Aires},
publisher         = {Biblos},
hyphenation       = {spanish},
}
@incollection{@940-SHUMWAY1999,
keywords          = {,INGENIEROS,CHARLAUNPaz,SAMPLE},
author            = {Shumway, Nicolás},
title             = {Nosotros y el \enquote{nosotros} de Nosotros},
bookTitle         = {La cultura de un siglo. América latina en sus revistas},
date              = {1999},
location          = {Buenos Aires},
publisher         = {Alianza},
page              = {165-180},
hyphenation       = {spanish},
}
@book{@3070-TARKOVSKI1995,
keywords          = {,PIEDRAS1,CHARLAUNPaz,SAMPLE},
author            = {Tarkovski, Andréi},
title             = {Scolpire il tempo},
date              = {1995},
location          = {Milán},
publisher         = {Ubulibri},
hyphenation       = {italian},
}
@book{@3159-FUNES2006,
keywords          = {,RUBIO,CHARLAUNPaz,SAMPLE},
author            = {Funes, Patricia},
title             = {Salvar la Nación. Intelectuales, cultura y política en los años veinte latinoamericanos},
date              = {2006},
location          = {Buenos Aires},
publisher         = {Prometeo},
hyphenation       = {spanish},
}
@article{@3162-MALOSETTICOSTA2008,
keywords          = {,RUBIO,SAMPLE},
author            = {Malosetti Costa, Laura},
title             = {Estilo y política en Martín Malharro},
journalTitle      = {Separata},
volume            = {13},
year              = {2008},
page              = {3-19},
hyphenation       = {spanish},
number            = {3},
}
@online{@3163-GARUGLIO2005,
keywords          = {,RUBIO,SAMPLE},
author            = {Garuglio, Roberto},
title             = {Historia de la Escuela Normal 4 (1908-2005)},
date              = {2005},
hyphenation       = {spanish},
url               = {https://ens4-caba.infd.edu.ar/sitio/historia/},
}

@Comment{gbTeXpublisher: databaseType:biblatex; fecha de creación: 19/05/2024;}