
@incollection{@940-SHUMWAY1999,
keywords          = {,INGENIEROS,CHARLAUNPaz},
author            = {Shumway, Nicolás},
title             = {Nosotros y el \enquote{nosotros} de Nosotros},
bookTitle         = {La cultura de un siglo. América latina en sus revistas},
date              = {1999},
location          = {Buenos Aires},
publisher         = {Alianza},
page              = {165-180},
hyphenation       = {spanish},
}
@book{@3070-TARKOVSKI1995,
keywords          = {,PIEDRAS1,CHARLAUNPaz},
author            = {Tarkovski, Andréi},
title             = {Scolpire il tempo},
date              = {1995},
location          = {Milán},
publisher         = {Ubulibri},
hyphenation       = {italian},
}
@book{@3159-FUNES2006,
keywords          = {,RUBIO,CHARLAUNPaz},
author            = {Funes, Patricia},
title             = {Salvar la Nación. Intelectuales, cultura y política en los años veinte latinoamericanos},
date              = {2006},
location          = {Buenos Aires},
publisher         = {Prometeo},
hyphenation       = {spanish},
}

@Comment{gbTeXpublisher: databaseType:biblatex; fecha de creación: 16/05/2024;}